@article{Mathes2004,
author = {Mathes, Adam},
journal = {Computer Mediated Communication},
pages = {1--13},
title = {{Folksonomies-cooperative classification and communication through shared metadata}},
year = {2004}
}

@book{manning2008introduction,
  title={Introduction to information retrieval},
  author={Manning, Christopher D and Raghavan, Prabhakar and Sch{\"u}tze, Hinrich},
  volume={1},
  year={2008},
  publisher={Cambridge University Press Cambridge}
}

@article{Macgregor2006,
author = {Macgregor, G and McCulloch, E},
journal = {Library review},
pages = {291--300},
title = {{Collaborative tagging as a knowledge organisation and resource discovery tool}},
volume = {55},
year = {2006}
}

@INPROCEEDINGS{sebastiani2005,
author = {Fabrizio Sebastiani},
title = {Text categorization},
booktitle = {Text Mining and its Applications to Intelligence, CRM and Knowledge Management},
pages = {109--129},
publisher = {WIT Press},
year = {2005}
}

@article{Voss2004,
author = {Voss, Jakob},
journal = {arXiv preprint cs/0604036},
keywords = {classification,ddc,ontology,tagging,thesaurus,wikipedia},
number = {1},
pages = {1--7},
title = {Collaborative thesaurus tagging the Wikipedia way},
volume = {1},
year = {2006}
}

@inproceedings{Charton2010a,
author = {Charton, Eric and Torres-Moreno, J.M.},
publisher = {Proceedings of LREC 2010, the International Conference on Language Resources and Evaluation},
title = {{NLGbAse: a free linguistic resource for Natural Language Processing systems}},
year = {2010}
}

@InProceedings{zhang2012,
author = {Ziqi Zhang and Philip Webster and Victoria Uren and Andrea Varga and Fabio Ciravegna},
title = {Automatically Extracting Procedural Knowledge from Instructional Texts using Natural Language Processing},
booktitle = {Proceedings of the Eight International Conference on Language Resources and Evaluation (LREC'12)},
year = {2012},
month = {may},
date = {23-25},
address = {Istanbul, Turkey},
isbn = {978-2-9517408-7-7},
language = {english}
}
 
@inproceedings{schumacher2012,
address = {Lyon, France},
title = {Extraction of Procedural Knowledge from the Web},
booktitle = {Workshop Proceedings: {WWW'12}},
author = {Schumacher, Pol and Minor, Mirjam and Walter, Kirstin and Bergmann, Ralph},
year = {2012}
}

@article{Schein2002,
author = {Schein, AI and Popescul, Alexandrin},
isbn = {1581135610},
journal = {Proceedings of the 25th annual international ACM SIGIR conference on Research and development in information retrieval},
number = {Sigir},
pages = {253--260},
url = {http://dl.acm.org/citation.cfm?id=564421},
title = {{Methods and metrics for cold-start recommendations}},
year = {2002}
}

@article{Dave2003,
author = {Dave, Kushal and Lawrence, Steve and Pennock, DM},
isbn = {1581136803},
journal = {WWW '03 Proceedings of the 12th international conference on World Wide Web },
title = {{Mining the peanut gallery: Opinion extraction and semantic classification of product reviews}},
url = {http://dl.acm.org/citation.cfm?id=775226},
year = {2003}
}

@inproceedings{Groin2007,
author = {Groin, Cyril and Berthelin, Jean-Baptiste and Ayari, Sarra El and Heitz, Thomas and Hurault-plantet, Martine and Jardino, Michele},
booktitle = {AFIA 2007},
pages = {1--8},
title = {{Pr\'{e}sentation de DEFT'07}},
year = {2007}
}

@article{pang2008,
author = {Pang, Bo and Lee, Lillian},
doi = {10.1561/1500000001},
issn = {1554-0669},
journal = {Foundations and Trends in Information Retrieval},
number = {2},
pages = {91--231},
title = {{Opinion Mining and Sentiment Analysis}},
volume = {1},
year = {2008}
}

@article{Koppel2006,
author = {Koppel, Moshe and Shtrimberg, Itai},
journal = {Computing attitude and affect in text: Theory and Application, The Information Retrieval Series},
keywords = {automated labeling,financial analysis,sentiment analysis},
title = {{Good news or bad news? let the market decide}},
volume = {20},
pages = {297--301},
url = {http://link.springer.com/chapter/10.1007/1-4020-4102-0\_22},
year = {2006}
}

@article{Wu2004,
archivePrefix = {arXiv},
author = {Wu, Fang and Huberman, BA},
journal = {arXiv preprint cond-mat/0407252},
title = {{Social structure and opinion formation}},
year = {2004}
}

@article{Grouin2013,
author = {Grouin, Cyril and Zweigenbaum, Pierre and Paroubek, Patrick},
journal = {Actes du neuvi\`{e}me D\'{E}fi Fouille de Texte},
number = {June},
pages = {3--16},
title = {{DEFT2013 se met \`{a} table: pr\'{e}sentation du d\'{e}fi et r\'{e}sultats}},
url = {http://deft.limsi.fr/actes/actes\_deft2013.pdf\#page=13},
year = {2013}
}

@inproceedings{wang2008,
 author = {Wang, Liping and Li, Qing and Li, Na and Dong, Guozhu and Yang, Yu},
 title = {Substructure similarity measurement in chinese recipes},
 booktitle = {Proceedings of the 17th international conference on World Wide Web},
 series = {WWW '08},
 year = {2008},
 isbn = {978-1-60558-085-2},
 location = {Beijing, China},
 pages = {979--988},
 numpages = {10},
 url = {http://doi.acm.org/10.1145/1367497.1367629},
 doi = {10.1145/1367497.1367629},
 publisher = {ACM}
} 

@inproceedings{wang2006,
author = {Wang, Liping and Li, Qing and Li, Yu and Meng, Xiaofeng},
booktitle = {Semantics, Knowledge and Grid, 2006. SKG '06. Second International Conference on},
  pages = 6,
  publisher = {IEEE Computer Society},
  title = {Dish Master: an Intelligent and Adaptive Manager for a Web-based Recipe Database System.},
  year = 2006
}

@inproceedings{blatak2004,
 author = {Blat\'{a}k, Jan and Mr\'{a}kov\'{a}, Eva and Popel\'{\i}nsk\'{y}, Lubo\v{s}},
 title = {Fragments and text categorization},
 booktitle = {Proceedings of the ACL 2004 on Interactive poster and demonstration sessions},
 series = {ACLdemo '04},
 year = {2004},
 location = {Barcelona, Spain},
 articleno = {34},
 url = {http://dx.doi.org/10.3115/1219044.1219078},
 doi = {10.3115/1219044.1219078},
 acmid = {1219078},
 publisher = {Association for Computational Linguistics},
 address = {Stroudsburg, PA, USA},
} 


@phdthesis{hall1999correlation,
  title={Correlation-based feature selection for machine learning},
  author={Hall, Mark A},
  year={1999},
  school={The University of Waikato}
}

@ARTICLE{Pearl1986,
  author = {Pearl, J},
  title = {Fusion, propagation, and structuring in belief networks},
  journal = {Artificial Intelligence},
  year = {1986},
  volume = {29},
  pages = {241--288},
  number = {3},
  address = {Essex, UK},
  doi = {http://dx.doi.org/10.1016/0004-3702(86)90072-X},
    issn = {0004-3702},
  publisher = {Elsevier Science Publishers Ltd.}
}

@BOOK{Pearl1998,
  title = {Bayesian networks},
  publisher = {MIT Press},
  year = {1998},
  author = {Pearl, Judea},
  pages = {149--153},
  address = {Cambridge, MA, USA},
  book = {The handbook of brain theory and neural networks},
  isbn = {0-262-51102-9}
}

@article{cooper1992bayesian,
  title={A Bayesian method for the induction of probabilistic networks from data},
  author={Cooper, Gregory F and Herskovits, Edward},
  journal={Machine learning},
  volume={9},
  number={4},
  pages={309--347},
  year={1992},
  publisher={Springer}
}

@article{cooper1992bayesian,
  title={A Bayesian method for the induction of probabilistic networks from data},
  author={Cooper, Gregory F and Herskovits, Edward},
  journal={Machine learning},
  volume={9},
  number={4},
  pages={309--347},
  year={1992},
  publisher={Springer}
}

@article{hall2009weka,
  title={The WEKA data mining software: an update},
  author={Hall, Mark and Frank, Eibe and Holmes, Geoffrey and Pfahringer, Bernhard and Reutemann, Peter and Witten, Ian H},
  journal={ACM SIGKDD Explorations Newsletter},
  volume={11},
  number={1},
  pages={10--18},
  year={2009},
  publisher={ACM}
}

@article{lmt2005,
  title={Logistic model trees},
  author={Landwehr, Niels and Hall, Mark and Frank, Eibe},
  journal={Machine Learning},
  volume={59},
  number={1-2},
  pages={161--205},
  year={2005},
  publisher={Springer}
}

@article{collins2002logistic,
  title={Logistic regression, AdaBoost and Bregman distances},
  author={Collins, Michael and Schapire, Robert E and Singer, Yoram},
  journal={Machine Learning},
  volume={48},
  number={1-3},
  pages={253--285},
  year={2002},
  publisher={Springer}
}

@incollection{lmtspeeding2005,
  title={Speeding up logistic model tree induction},
  author={Sumner, Marc and Frank, Eibe and Hall, Mark},
  booktitle={Knowledge Discovery in Databases: PKDD 2005},
  pages={675--683},
  year={2005},
  publisher={Springer}
}

@inproceedings{Charton2007b,
author = {Charton, Eric and Acuna-Agost, Rodrigo},
booktitle = {DEFT},
title = {{Quel mod\`{e}le pour d\'{e}tecter une opinion? Trois propositions pour g\'{e}n\'{e}raliser lextraction dune id\'{e}e dans un corpus}},
year = {2007}
}

@BOOK{Vapnik1995,
  title = {The Nature of Statistical Learning Theory},
  publisher = {Springer-Verlag},
  year = {1995},
  author = {Vapnik, Vladimir}
}

@ARTICLE{multiclasssvm2002,
author={Chih-Wei Hsu and Chih-Jen Lin},
journal={Neural Networks, IEEE Transactions on},
title={A comparison of methods for multiclass support vector machines},
year={2002},
volume={13},
number={2},
pages={415-425}
}

@article{chang2011libsvm,
  title={LIBSVM: a library for support vector machines},
  author={Chang, Chih-Chung and Lin, Chih-Jen},
  journal={ACM Transactions on Intelligent Systems and Technology (TIST)},
  volume={2},
  number={3},
  pages={27},
  year={2011},
  publisher={ACM}
}

@article{el2005wlsvm,
  title={WLSVM: Integrating libsvm into WEKA environment},
  author={El-Manzalawy, Yasser and Honavar, Vasant},
  journal={Software available at http://www. cs. iastate. edu/yasser/wlsvm},
  year={2005}
}

@inproceedings{Charton2013,
address = {Sables d'Olonnes},
author = {Charton, Eric and Jean-Louis, Ludovic and Meurs, Marie-Jean and Gagnon, Michel},
booktitle = {Actes de DEFT2013},
editor = {Cyril, Groin},
publisher = {ACLWeb},
title = {{Trois recettes d'apprentissage automatique pour un syst\`{e}me d'extraction d'information et de classification de recettes de cuisines}},
url = {http://deft.limsi.fr/2013/},
year = {2013}
}

@book{quinlan1993c4,
  title={C4.5: programs for machine learning},
  author={Quinlan, John Ross},
  volume={1},
  year={1993},
  publisher={Morgan kaufmann}
}

@Article{chartoninformatics2013,
AUTHOR = {Eric Charton, Marie-Jean Meurs, Ludovic Jean-Louis, Michel Gagnon},
TITLE = {Using Collaborative Tagging for Text Classification: From Text Classification to Opinion Mining},
JOURNAL = {Informatics},
VOLUME = {1},
YEAR = {2014},
NUMBER = {1},
PAGES = {32--51},
URL = {https://www.mdpi.com/2227-9709/1/1/32},
DOI = {10.3390/informatics1010032}
} 